
@misc{numpy,
  title = {Numpy - библиотека для научиных вычислений на языке Python},
  howpublished = "\url{http://www.numpy.org/}"
}
@misc{matplotlib,
  title = {Matplotlib - библиотека для визуализации данных},
  howpublished = "\url{http://matplotlib.org/}"
}
@misc{streamplot,
  title = {Функция streamplot},
  howpublished = "\url{http://matplotlib.org/examples/images_contours_and_fields/streamplot_demo_features.html}"
}

@book{bookdiff,
  author    = "В.Г.Пименов",
  title     = "Избранные главы дифференциальных уравнений",
  publisher = "Урал. ун-т",
  numpages   = 83,
  year      = 2003
}

@book{bookananlyz,
  author    = "А.В.Ким, В.Г.Пименов",
  title     = "i-Гладкий анализ и численные методы решения функционально-дифференциальных уравнений",
  publisher = "М.",
  numpages   = 256,
  year      = 2004
}

@book{sdu,
  author = "Кузнецов Д.Ф.",
  title = "Численное моделирование стохастических дифференциальных уравнений и стохастических интегралов.",
  publisher = "С.Петербург. Наука",
  year = 1999
}
